<?xml version="1.0" encoding="UTF-8"?>
<Document xmlns="urn:iso:std:iso:20022:tech:xsd:camt.052.001.02">
  <BkToCstmrAcctRpt>
    <GrpHdr>
      <MsgId>MSG-20260221-0001</MsgId>
      <CreDtTm>2026-02-21T15:30:00Z</CreDtTm>
    </GrpHdr>

    <Rpt>
      <Id>RPT-0001</Id>
      <CreDtTm>2026-02-21T15:30:00Z</CreDtTm>

      <Acct>
        <Id>
          <IBAN>GB29NWBK60161331926819</IBAN>
        </Id>
        <Ccy>GBP</Ccy>
        <Ownr>
          <Nm>Example Corporate Ltd</Nm>
        </Ownr>
        <Svcr>
          <FinInstnId>
            <BIC>NWBKGB2L</BIC>
          </FinInstnId>
        </Svcr>
      </Acct>

      <!-- Balance snapshots -->
      <Bal>
        <Tp>
          <CdOrPrtry>
            <Cd>OPBD</Cd>
          </CdOrPrtry>
        </Tp>
        <Amt Ccy="GBP">100000.00</Amt>
        <CdtDbtInd>CRDT</CdtDbtInd>
        <Dt>
          <Dt>2026-02-21</Dt>
        </Dt>
      </Bal>

      <Bal>
        <Tp>
          <CdOrPrtry>
            <Cd>CLBD</Cd>
          </CdOrPrtry>
        </Tp>
        <Amt Ccy="GBP">100450.00</Amt>
        <CdtDbtInd>CRDT</CdtDbtInd>
        <Dt>
          <Dt>2026-02-21</Dt>
        </Dt>
      </Bal>

      <!-- Entry 1 (credit) -->
      <Ntry>
        <Amt Ccy="GBP">500.00</Amt>
        <CdtDbtInd>CRDT</CdtDbtInd>
        <Sts>BOOK</Sts>
        <BookgDt><Dt>2026-02-21</Dt></BookgDt>
        <ValDt><Dt>2026-02-21</Dt></ValDt>

        <BkTxCd>
          <Domn>
            <Cd>PMNT</Cd>
            <Fmly>
              <Cd>ICDT</Cd>
              <SubFmlyCd>ESCT</SubFmlyCd>
            </Fmly>
          </Domn>
        </BkTxCd>

        <NtryDtls>
          <TxDtls>
            <Refs>
              <EndToEndId>E2E-20260221-0001</EndToEndId>
              <AcctSvcrRef>ASR-123456789</AcctSvcrRef>
            </Refs>
            <AmtDtls>
              <TxAmt>
                <Amt Ccy="GBP">500.00</Amt>
              </TxAmt>
            </AmtDtls>

            <RltdPties>
              <Dbtr>
                <Nm>Customer A</Nm>
              </Dbtr>
              <Cdtr>
                <Nm>Example Corporate Ltd</Nm>
              </Cdtr>
            </RltdPties>

            <RmtInf>
              <Ustrd>Invoice 18492</Ustrd>
            </RmtInf>
          </TxDtls>
        </NtryDtls>
      </Ntry>

      <!-- Entry 2 (debit) -->
      <Ntry>
        <Amt Ccy="GBP">50.00</Amt>
        <CdtDbtInd>DBIT</CdtDbtInd>
        <Sts>BOOK</Sts>
        <BookgDt><Dt>2026-02-21</Dt></BookgDt>
        <ValDt><Dt>2026-02-21</Dt></ValDt>

        <BkTxCd>
          <Domn>
            <Cd>CHRG</Cd>
            <Fmly>
              <Cd>OTHR</Cd>
              <SubFmlyCd>OTHR</SubFmlyCd>
            </Fmly>
          </Domn>
        </BkTxCd>

        <NtryDtls>
          <TxDtls>
            <Refs>
              <EndToEndId>E2E-20260221-0002</EndToEndId>
              <AcctSvcrRef>ASR-987654321</AcctSvcrRef>
            </Refs>
            <RmtInf>
              <Ustrd>Monthly account fee</Ustrd>
            </RmtInf>
          </TxDtls>
        </NtryDtls>
      </Ntry>

    </Rpt>
  </BkToCstmrAcctRpt>
</Document>
